@misc{ wiki:BLAS,
author = "Wikipedia",
title = "Basic Linear Algebra Subprograms",
year = "",
howpublished = {\url{https://en.wikipedia.org/wiki/Basic_Linear_Algebra_Subprograms"}}
}

@misc{Autovect49:online,
	author = {},
	title = {Auto-vectorization with gcc 4.7},
	howpublished = {\url{http://locklessinc.com/articles/vectorize/}},
	month = {},
	year = {}
}

@misc{PAPITopi47:online,
	author = {PAPIDocs},
	title = {PAPITopics:SandyFlops},
	howpublished = {\url{https://icl.cs.utk.edu/projects/papi/wiki/PAPITopics:SandyFlops#PAPI_Preset_Definitions}},
	month = {},
	year = {}
}

@misc{PartIITh6:online,
	author = {Martin Thoma},
	title = {The Strassen algorithm in Python, Java and C++},
	howpublished = {\url{https://martin-thoma.com/strassen-algorithm-in-python-java-cpp/}},
	month = {01},
	year = {2013}
}
